@Book{knuth1990,
    author    = {Knuth, Donald E.},
    title     = {The {\TeX}book },
    year      = {1990},
    isbn      = {0-201-13447-0},
    publisher = {Addison\,\textendash\,Wesley},
}

@online{UCI_Description,
    author = {Rudolf Huber and Stefan Meyer-Kahlen},
    title = {Description of the universal chess interface (UCI)},
    year = 2006,
    url = {https://www.shredderchess.com/download/div/uci.zip},
    urldate = {2024-07-18}
}

@Article{greenwade1993,
    author  = "George D. Greenwade",
    title   = "The {C}omprehensive {T}ex {A}rchive {N}etwork ({CTAN})",
    year    = "1993",
    journal = "TUGBoat",
    volume  = "14",
    number  = "3",
    pages   = "342--351"
}

@Article{Shannon1950XXIIPA,
    title={XXII. Programming a Computer for Playing Chess 1},
    author={Claude E. Shannon and Bell Telephone},
    journal={Philosophical Magazine Series 1},
    year={1950},
    volume={41},
    pages={256-275},
    url={https://api.semanticscholar.org/CorpusID:12908589}
}